
@book{kruger_fronteiras_2023,
	address = {Brasília, DF},
	series = {Fronteiras do {Brasil}},
	title = {Fronteiras do {Brasil}: o litoral em sua dimensão fronteiriça},
	isbn = {9786556350677},
	shorttitle = {Fronteiras do {Brasil}},
	language = {pt},
	publisher = {Ipea},
	editor = {Pêgo, Bolívar},
	collaborator = {Krüger, Caroline and Moreira, Paula and Ferreira, Gustavo and Portela, Leonardo Morgado Ferreira and Moraes, Hito Braga de and França, Caroline Jabour de and Bonadiman, Nathalia Nogarolli and Bitencourt, Christianne and Alves, Adriana Melo and Correa, Giuliana de Abreu and Corraini, Natalia and Diederichsen, Sereno DuPrey and Sardinha, Gabriela and Souza, Vitor Alberto de and Nicolodi, João Luiz and Scherer, Marinez Eymael Garcia and Carvalho, Rodrigo de Campos and Receputi, Ana Luiza Morati and Monteiro, Latussa Laranja and Oliveira Júnior, Adilson Pereira de and Rocha, Juliana Dalboni and Queiroz, Fábio Albergaria de and Hillebrand, Giovanni Roriz Lyra and Beirão, André Panno and Andrade, Israel de Oliveira and Carneiro, Helitton Christoffer and Silva, Cristovão Henrique Ribeiro da and Severo, Luciano Wexell and Barros, Pedro Silva and Gutierrez, Armando J. G. and Egler, Claudio A. G. and Nunes, Maria and Santos, Alessandra Rufino and Araújo Sobrinho, Fernando Luiz and Nascimento, Ederson and Motta, Diana Meirelles da and Moura, Rosa and Rocha, Rafael and Nagamine, Líria and Guimarães, Álvaro Wolnei},
	month = dec,
	year = {2023},
	keywords = {Brasil, Costa, Economia, FRONTEIRA, Gestão, Infraestrutura, litoral, maritima, porto, Território},
	file = {Krüger - 2023 - Fronteiras do Brasil o litoral em sua dimensão fr.pdf:C\:\\Users\\Victor\\Zotero\\storage\\D68QDUWK\\Krüger - 2023 - Fronteiras do Brasil o litoral em sua dimensão fr.pdf:application/pdf},
}

@article{noauthor_fronteiras_nodate,
	title = {Fronteiras do {Brasil}, vol 6},
	language = {pt},
	number = {Fronteiras do Brasil},
	journal = {Livros},
	file = {[No title found].pdf:C\:\\Users\\Victor\\Zotero\\storage\\EIDFA4WL\\[No title found].pdf:application/pdf},
}

@article{noauthor_livro_fronteirasdobrasil_vol_nodate,
	title = {Livro\_FronteirasdoBrasil\_Vol 4\_COMPLETO\_OK.indb},
	language = {pt},
	file = {Livro_FronteirasdoBrasil_Vol 4_COMPLETO_OK.indb.pdf:C\:\\Users\\Victor\\Zotero\\storage\\RJIUGR4M\\Livro_FronteirasdoBrasil_Vol 4_COMPLETO_OK.indb.pdf:application/pdf},
}

@thesis{safira_maria_de_figueredo_operacao_2017,
	address = {Corumbá},
	type = {Mestrado em Estudos Fronteiriços},
	title = {Operação Ágata: o poder de polícia das forças armadas},
	language = {pt},
	school = {UFMS},
	author = {Figueredo, Safira Maria de},
	year = {2017},
	file = {Figueredo - 2017 - PROGRAMA DE PÓS-GRADUAÇÃO MESTRADO EM ESTUDOS FRON.pdf:C\:\\Users\\Victor\\Zotero\\storage\\YWY7CT7Q\\Figueredo - 2017 - PROGRAMA DE PÓS-GRADUAÇÃO MESTRADO EM ESTUDOS FRON.pdf:application/pdf},
}

@article{moreno_governo_2023,
	title = {Governo estuda ampliar faixa de fronteira da amazonia legal},
	url = {https://agenciabrasil.ebc.com.br/politica/noticia/2023-07/governo-estuda-ampliar-faixa-de-fronteira-da-amazonia-legal},
	urldate = {2024-02-15},
	journal = {Agência Brasil},
	author = {Moreno, Sayonara},
	month = jul,
	year = {2023},
}

@incollection{andrade_segurance_2018,
	address = {Rio de janeiro},
	title = {{SEGURANÇA} {E} {DEFESA} {NACIONAL} {NAS} {FRONTEIRAS} {BRASILEIRAS}},
	volume = {1},
	language = {pt},
	booktitle = {Fronteiras do {Brasil}},
	publisher = {Ipea},
	author = {Andrade, Israel de Oliveira and Lima, Raphael Camargo},
	year = {2018},
	pages = {111--150},
	file = {Andrade e Lima - SEGURANÇA E DEFESA NACIONAL NAS FRONTEIRAS BRASILE.pdf:C\:\\Users\\Victor\\Zotero\\storage\\XPZQ5DRZ\\Andrade e Lima - SEGURANÇA E DEFESA NACIONAL NAS FRONTEIRAS BRASILE.pdf:application/pdf},
}

@incollection{andrade_politicas_2019,
	address = {Brasília},
	title = {Políticas Públicas para as Fronteiras Brasileiras: limites e potencialidades},
	language = {pt},
	booktitle = {Desafios contemporâneos para o Exército Brasileiro},
	publisher = {Ipea},
	author = {Andrade, Israel de Oliveira and Costa, Maurício Kenyatta Barros da and Neves, Alex Jorge das and Soares, Matheus Augusto and Hillebrand, Giovanni Roriz Lyra},
	year = {2019},
	pages = {59--86},
}

@incollection{moura_referencias_2018,
	address = {Rio de janeiro},
	title = {Referências sobre a Faixa de Fronteira e os arranjos transfronteiriços do Brasil},
	volume = {1},
	language = {pt},
	booktitle = {Fronteiras do {Brasil}},
	publisher = {Ipea},
	author = {Moura, Rosa and Oliveira, Samara},
	year = {2018},
	pages = {243--292},
}

@incollection{machado_o_2005,
	address = {Campo Grande},
	title = {O desenvolvimento da faixa de fronteira: uma proposta conceitual-metodológica},
	language = {pt},
	booktitle = {Território sem limites: estudos sobre fronteiras},
	publisher = {Ed. UFMS},
	author = {Machado, Lia Osório and Haesbaert, Rogério and Ribeiro, Leticia P and Steiman, Rebeca and Peiter, Paulo and Novaes, André},
	year = {2005},
	file = {Machado et al. - O DESENVOLVIMENTO DA FAIXA DE FRONTEIRA.pdf:C\:\\Users\\Victor\\Zotero\\storage\\2I8MP3SU\\Machado et al. - O DESENVOLVIMENTO DA FAIXA DE FRONTEIRA.pdf:application/pdf},
}

@incollection{moreira_trajetorias_nodate,
	title = {{TRAJETÓRIAS} {CONCEITUAIS} {E} {NOVAS} {FORMAS} {DE} {INTERAÇÃO} {NAS} {FRONTEIRAS} {BRASILEIRAS}},
	volume = {1},
	language = {pt},
	booktitle = {Fronteiras do {Brasil}},
	publisher = {Ipea},
	author = {Moreira, Paula Gomes},
	file = {Moreira - TRAJETÓRIAS CONCEITUAIS E NOVAS FORMAS DE INTERAÇÃ.pdf:C\:\\Users\\Victor\\Zotero\\storage\\KCHITA32\\Moreira - TRAJETÓRIAS CONCEITUAIS E NOVAS FORMAS DE INTERAÇÃ.pdf:application/pdf},
}

@incollection{aveni_experiencias_nodate,
	title = {{EXPERIÊNCIAS} {INTERNACIONAIS} {EM} {FAIXAS} {DE} {FRONTEIRA}},
	volume = {1},
	language = {pt},
	booktitle = {Fronteiras do {Brasil}},
	publisher = {Ipea},
	author = {Aveni, Alessandro},
	file = {Aveni - EXPERIÊNCIAS INTERNACIONAIS EM FAIXAS DE FRONTEIRA.pdf:C\:\\Users\\Victor\\Zotero\\storage\\L2AVH447\\Aveni - EXPERIÊNCIAS INTERNACIONAIS EM FAIXAS DE FRONTEIRA.pdf:application/pdf},
}

@incollection{nunes_papel_nodate,
	title = {{PAPEL} {E} {AÇÕES} {DAS} {INSTITUIÇÕES} {BRASILEIRAS} {NA} {FAIXA} {DE} {FRONTEIRA}},
	volume = {1},
	language = {pt},
	booktitle = {Fronteiras do {Brasil}},
	publisher = {Ipea},
	author = {Nunes, Maria},
	file = {Nunes - PAPEL E AÇÕES DAS INSTITUIÇÕES BRASILEIRAS NA FAIX.pdf:C\:\\Users\\Victor\\Zotero\\storage\\PQLFIURS\\Nunes - PAPEL E AÇÕES DAS INSTITUIÇÕES BRASILEIRAS NA FAIX.pdf:application/pdf},
}

@article{couto_relacoes_2024,
	title = {Relações transfronteiriças do narcotráfico na {Amazônia}: dos crimes conexos aos desafios da segurança regional},
	shorttitle = {Relações transfronteiriças do narcotráfico na {Amazônia}},
	url = {https://repositorio.ipea.gov.br/bitstream/11058/12778/7/BAPI_36_Artigo_5_relacoes.pdf},
	doi = {10.38116/bapi36art5},
	abstract = {O trabalho tem como lócus de investigação a Amazônia Legal, e enfatiza a urgência da cooperação institucional entre os países da Pan-Amazônia no enfrentamento à problemática da segurança da região, em particular o avanço do narcotráfico. A abordagem metodológica combina análise documental e levantamento in loco de dados qualitativos, a partir de trabalho de campo realizado em municípios do Pará e de Roraima. Os resultados apontam aumento dos níveis de integração entre redes ilegais, destacando interconexões entre o narcotráfico e o garimpo ilegal. Evidencia-se, assim, um processo de interiorização das facções criminosas na Amazônia brasileira, situando as disputas em torno do controle das principais rotas de narcotráfico e das áreas de garimpo ilegal em terras indígenas. O cenário é de agravamento da violência e da criminalidade na região, com a presença cada vez mais forte de facções criminosas, que articulam ações dentro do território brasileiro a partir das fronteiras.},
	number = {36},
	urldate = {2024-03-04},
	journal = {Boletim de Análise Político-Institucional},
	author = {Couto, Aiala Colares Oliveira},
	month = jan,
	year = {2024},
	pages = {71--79},
	file = {Texto completo:C\:\\Users\\Victor\\Zotero\\storage\\YLKMDZW9\\Couto - 2024 - Relações transfronteiriças do narcotráfico na Amaz.pdf:application/pdf},
}

@article{dias_dinamica_2024,
	title = {Dinâmica da violência e do crime na macrorregião norte do {Brasil}: o efeito das facções criminais},
	shorttitle = {Dinâmica da violência e do crime na macrorregião norte do {Brasil}},
	url = {https://repositorio.ipea.gov.br/bitstream/11058/12778/6/BAPI_36_Artigo_4_dinamica_violencia.pdf},
	doi = {10.38116/bapi36art4},
	abstract = {Este texto visa contribuir com o diagnóstico da análise das dinâmicas de violência e criminalidade na macrorregião Norte do Brasil por meio da análise do papel das facções prisionais e criminais nesses fenômenos. A abordagem tem como ponto de partida o processo de faccionalização das dinâmicas prisionais e criminais brasileiras e utiliza documentos produzidos pelos grupos criminais, pela imprensa e pela literatura da área. Além das dimensões econômicas e das oportunidades de diversificação criminal encontradas na macrorregião Norte, especificamente as oportunidades conectadas aos crimes ambientais, a compreensão do cenário da violência e do crime implica uma abordagem que contemple a dimensão moral das disputas e conflitos envolvendo as facções criminais e as relações estabelecidas entre os grupos de caráter nacional e aqueles de abrangência local e regional.},
	number = {36},
	urldate = {2024-03-04},
	journal = {Boletim de Análise Político-Institucional},
	author = {Dias, Camila Caldeira Nunes},
	month = jan,
	year = {2024},
	pages = {59--70},
	file = {Texto completo:C\:\\Users\\Victor\\Zotero\\storage\\Q82LZE4Z\\Dias - 2024 - Dinâmica da violência e do crime na macrorregião n.pdf:application/pdf},
}

@article{rapozo_dinamicas_2024,
	title = {Dinâmicas dos mercados ilegais, criminalidade e representações sobre a violência: a cartografia dos conflitos na faixa de fronteira {Brasil}, {Colômbia} e {Peru} no estado do {Amazonas}},
	shorttitle = {Dinâmicas dos mercados ilegais, criminalidade e representações sobre a violência},
	url = {https://repositorio.ipea.gov.br/bitstream/11058/12778/4/BAPI_36_Artigo_2_dinamicas.pdf},
	doi = {10.38116/bapi36art2},
	abstract = {A pesquisa apresenta parte dos estudos produzidos pelo Núcleo de Estudos Socioambientais da Amazônia (Nesam) sobre a dinâmica da criminalidade, tipificação dos conflitos e violência em contextos transfronteiriços no estado do Amazonas. A metodologia do mapeamento social e demais técnicas de qualificação de informações junto aos interlocutores locais têm permitido uma compreensão particular sobre a configuração de violência em territórios de povos e comunidades tradicionais resultantes da exploração ilegal de recursos naturais em áreas protegidas. Ao mesmo tempo, a dinâmica dos mercados ilegais transfronteiriços revela, por meio dos conflitos e criminalidades, um debate sobre a segurança pública e a condição ambivalente do Estado quanto ao monitoramento de atividades ilícitas em faixas de fronteira do Arco Norte brasileiro.},
	number = {36},
	urldate = {2024-03-04},
	journal = {Boletim de Análise Político-Institucional},
	author = {Rapozo, Pedro and Silva, Reginaldo Conceição Da and Coutinho, Taciana De Carvalho},
	month = jan,
	year = {2024},
	pages = {29--41},
	file = {Texto completo:C\:\\Users\\Victor\\Zotero\\storage\\72I2VKDT\\Rapozo et al. - 2024 - Dinâmicas dos mercados ilegais, criminalidade e re.pdf:application/pdf},
}

@article{coelho_dinamica_2024,
	title = {Dinâmica dos homicídios na região norte do {Brasil}},
	url = {https://repositorio.ipea.gov.br/bitstream/11058/12778/3/BAPI_36_Artigo_1_dinamica.pdf},
	doi = {10.38116/bapi36art1},
	abstract = {Neste estudo, analisamos a evolução histórica das ocorrências de homicídios na região Norte, considerando suas Unidades da Federação (UFs). Os resultados obtidos indicam uma estabilidade temporal na prevalência de vítimas pardas, com escolaridade incompleta e jovens entre 15 e 29 anos. Observou-se também um aumento recente na proporção de homicídios cometidos com o uso de arma de fogo. Além disso, verificou-se uma convergência entre as taxas de homicídio dos municípios menores em relação aos demais municípios, assim como entre os municípios do interior e os da região metropolitana.},
	number = {36},
	urldate = {2024-03-04},
	journal = {Boletim de Análise Político-Institucional},
	author = {Coelho, Danilo Santa Cruz and Santos, Alisson Gomes Dos and Alves, Henrique José De Paula},
	month = jan,
	year = {2024},
	pages = {15--28},
	file = {Texto completo:C\:\\Users\\Victor\\Zotero\\storage\\9V6ZTNIJ\\Coelho et al. - 2024 - Dinâmica dos homicídios na região norte do Brasil.pdf:application/pdf},
}

@article{rodrigues_fronteira_2015,
	title = {{FRONTEIRA} {E} {TERRITÓRIO}: {CONSIDERAÇÕES} {CONCEITUAIS} {PARA} {A} {COMPREENSÃO} {DA} {DINÂMICA} {DO} {ESPAÇO} {GEOGRÁFICO}},
	abstract = {The guiding concepts of the Geographic Science went through significant theoretical and methodological reviews along the history of the Geographic thoughts. However, the approach of these changes is still recently and it needs, in some cases, a deepening of the theory to get a more appropriate analyze. Thus, this text tends to discuss the meaning of the frontier and the territory in front of geographic space transformation seeking to understand its dynamic. Methodologically, the analyses of the concepts studied occurred from the deepening of the theoretical bases about the keys concepts of the Geographic Science. In this context, It was observed that these concepts changed its approach, Frontier is no longer considered only a physic or politic limit devoid of subjects and relations as well as the territory, it is no longer comprehended as a demarcation of a space, full of physic and social characteristic. The social practices, the relations, the politic actions (state) and the networks became fundamental in the contemporary interpretation of Frontier and Territory.},
	language = {pt},
	number = {2},
	author = {Rodrigues, Dra Aline Lima},
	year = {2015},
	file = {Rodrigues - 2015 - FRONTEIRA E TERRITÓRIO CONSIDERAÇÕES CONCEITUAIS .pdf:C\:\\Users\\Victor\\Zotero\\storage\\EBM79BZ8\\Rodrigues - 2015 - FRONTEIRA E TERRITÓRIO CONSIDERAÇÕES CONCEITUAIS .pdf:application/pdf},
}

@article{wuepper_regression_2023,
	title = {Regression discontinuity designs in agricultural and environmental economics},
	volume = {50},
	issn = {0165-1587, 1464-3618},
	url = {https://academic.oup.com/erae/article/50/1/1/6749527},
	doi = {10.1093/erae/jbac023},
	abstract = {Regression discontinuity designs (RDD) are increasingly being employed in agricultural and environmental economics to identify causal effects. Here, we showcase recent applications, identify best practices, discuss commonly invoked identifying assumptions and show how these can be tested. We discuss basic empirical issues and more advanced topics, including how to exploit the availability of panel data, models to explain heterogeneous treatment effects and extrapolation of local estimates. Moreover, we show how agricultural economists can leverage RDD in combination with remote sensing and environmental modelling. Finally, we highlight three areas of emerging opportunities and draw conclusions for research and policy.},
	language = {en},
	number = {1},
	urldate = {2024-03-20},
	journal = {European Review of Agricultural Economics},
	author = {Wuepper, David and Finger, Robert},
	month = jan,
	year = {2023},
	pages = {1--28},
	file = {Wuepper e Finger - 2023 - Regression discontinuity designs in agricultural a.pdf:C\:\\Users\\Victor\\Zotero\\storage\\AQJ8LDMJ\\Wuepper e Finger - 2023 - Regression discontinuity designs in agricultural a.pdf:application/pdf},
}

@article{santana_globalizacao_1999,
	title = {A globalização do narcotráfico},
	volume = {42},
	issn = {0034-7329},
	url = {http://www.scielo.br/scielo.php?script=sci_arttext&pid=S0034-73291999000200006&lng=pt&tlng=pt},
	doi = {10.1590/S0034-73291999000200006},
	abstract = {Neste trabalho, pretende-se dar uma visão geral das características do narcotráfico como um fenômeno econômico, político e social na era da globalização. Mais ainda, pretende-se mostrar as novas dimensões do narcotráfico que, em nossos dias, converteram-se em um tema de preocupação de diversas economias da periferia mundial. Enfatiza-se o perfil que esse fenômeno alcança em sua expansão global e, em particular, em algumas nações latino-americanas e em outras regiões periféricas do mundo.
          , 
            The article intends to bring an overview of the characteristics of the drug traffic, understood here as an economic, political, and social phenomenon at the age of globalization. Moreover, it intends to show the new dimensions of the drug traffic that nowadays have become an issue in many economies of the world periphery. The profile this phenomenon has acquired in its global expansion, and particularly in some Latin American and other world periphery areas nations is emphasized.},
	language = {pt},
	number = {2},
	urldate = {2024-03-25},
	journal = {Revista Brasileira de Política Internacional},
	author = {Santana, Adalberto},
	month = dec,
	year = {1999},
	pages = {99--116},
	file = {Santana - 1999 - A globalização do narcotráfico.pdf:C\:\\Users\\Victor\\Zotero\\storage\\UMRNSPG3\\Santana - 1999 - A globalização do narcotráfico.pdf:application/pdf},
}

@techreport{brasil_bases_2010,
	address = {Brasília},
	title = {Bases para uma proposta de {Desenvolvimento} e {Integração} da {Faixa} de {Fronteira}},
	institution = {CDIF},
	author = {Brasil},
	year = {2010},
	pages = {142},
}

@book{nunes_dilemas_2010,
	address = {Dourados, MS : Pelotas, RS},
	title = {Dilemas e diálogos platinos},
	isbn = {978-85-61228-70-5 978-85-61228-71-2},
	language = {pt},
	publisher = {UFGD Editora ; Editora e Gráfica Universitária, PREC-UFPel},
	editor = {Núñes, Ângel and Oliveira, Tito Carlos Machado de and Padoin, Maria Medianeira and {Universidade Federal de Mato Grosso do Sul}},
	year = {2010},
	note = {Meeting Name: Seminário Internacional América Platina},
	keywords = {Borderlands, Boundaries, Brazil, Congresses, Relations, South America},
	file = {Núñes et al. - 2010 - Dilemas e diálogos platinos.pdf:C\:\\Users\\Victor\\Zotero\\storage\\KZG9RHKE\\Núñes et al. - 2010 - Dilemas e diálogos platinos.pdf:application/pdf},
}

@article{li_regression_2023,
	title = {Regression discontinuity design and its applications to {Science} of {Science}: {A} survey},
	volume = {8},
	copyright = {http://creativecommons.org/licenses/by/4.0},
	issn = {2543-683X},
	shorttitle = {Regression discontinuity design and its applications to {Science} of {Science}},
	url = {https://www.sciendo.com/article/10.2478/jdis-2023-0008},
	doi = {10.2478/jdis-2023-0008},
	abstract = {Abstract
            
              Purpose
              With the availability of large-scale scholarly datasets, scientists from various domains hope to understand the underlying mechanisms behind science, forming a vibrant area of inquiry in the emerging “science of science” field. As the results from the science of science often has strong policy implications, understanding the causal relationships between variables becomes prominent. However, the most credible quasi-experimental method among all causal inference methods, and a highly valuable tool in the empirical toolkit, Regression Discontinuity Design (RDD) has not been fully exploited in the field of science of science. In this paper, we provide a systematic survey of the RDD method, and its practical applications in the science of science.
            
            
              Design/methodology/approach
              First, we introduce the basic assumptions, mathematical notations, and two types of RDD, i.e., sharp and fuzzy RDD. Second, we use the Web of Science and the Microsoft Academic Graph datasets to study the evolution and citation patterns of RDD papers. Moreover, we provide a systematic survey of the applications of RDD methodologies in various scientific domains, as well as in the science of science. Finally, we demonstrate a case study to estimate the effect of Head Start Funding Proposals on child mortality.
            
            
              Findings
              RDD was almost neglected for 30 years after it was first introduced in 1960. Afterward, scientists used mathematical and economic tools to develop the RDD methodology. After 2010, RDD methods showed strong applications in various domains, including medicine, psychology, political science and environmental science. However, we also notice that the RDD method has not been well developed in science of science research.
            
            
              Research Limitations
              This work uses a keyword search to obtain RDD papers, which may neglect some related work. Additionally, our work does not aim to develop rigorous mathematical and technical details of RDD but rather focuses on its intuitions and applications.
            
            
              Practical implications
              This work proposes how to use the RDD method in science of science research.
            
            
              Originality/value
              This work systematically introduces the RDD, and calls for the awareness of using such a method in the field of science of science.},
	language = {en},
	number = {2},
	urldate = {2024-04-25},
	journal = {Journal of Data and Information Science},
	author = {Li, Meiling and Zhang, Yang and Wang, Yang},
	month = apr,
	year = {2023},
	pages = {43--65},
	file = {Li et al. - 2023 - Regression discontinuity design and its applicatio.pdf:C\:\\Users\\Victor\\Zotero\\storage\\2TTIQ9DE\\Li et al. - 2023 - Regression discontinuity design and its applicatio.pdf:application/pdf},
}

@techreport{burgess_wilderness_2018,
	address = {Cambridge, MA},
	title = {Wilderness {Conservation} and the {Reach} of the {State}: {Evidence} from {National} {Borders} in the {Amazon}},
	shorttitle = {Wilderness {Conservation} and the {Reach} of the {State}},
	url = {http://www.nber.org/papers/w24861.pdf},
	abstract = {Preserving wilderness ecosystems in developing countries is challenging because their remote location places them far from state control. We investigate this using 30x30 meter satellite data to determine how Amazonian deforestation changes discretely at the Brazilian international border. In 2000, Brazilian pixels were 30 percent more likely to be deforested, and between 2001 and 2005 annual Brazilian deforestation was more than 3 times the rate observed across the border. In 2006, just after Brazil introduces policies to reduce illegal deforestation, these differences disappear. These results demonstrate the power of the state to affect whether wilderness ecosystems are conserved or exploited.},
	language = {en},
	number = {w24861},
	urldate = {2024-04-25},
	institution = {National Bureau of Economic Research},
	author = {Burgess, Robin and Costa, Francisco J.M. and Olken, Benjamin},
	month = jul,
	year = {2018},
	doi = {10.3386/w24861},
	pages = {w24861},
	file = {Burgess et al. - 2018 - Wilderness Conservation and the Reach of the State.pdf:C\:\\Users\\Victor\\Zotero\\storage\\DFYTM8VM\\Burgess et al. - 2018 - Wilderness Conservation and the Reach of the State.pdf:application/pdf},
}

@article{hsu_testing_2019,
	title = {Testing treatment effect heterogeneity in regression discontinuity designs},
	volume = {208},
	issn = {03044076},
	url = {https://linkinghub.elsevier.com/retrieve/pii/S0304407618301982},
	doi = {10.1016/j.jeconom.2018.10.004},
	language = {en},
	number = {2},
	urldate = {2024-04-25},
	journal = {Journal of Econometrics},
	author = {Hsu, Yu-Chin and Shen, Shu},
	month = feb,
	year = {2019},
	pages = {468--486},
	file = {Hsu e Shen - 2019 - Testing treatment effect heterogeneity in regressi.pdf:C\:\\Users\\Victor\\Zotero\\storage\\NNYZB3PU\\Hsu e Shen - 2019 - Testing treatment effect heterogeneity in regressi.pdf:application/pdf},
}

@article{brodeur_methods_2020,
	title = {Methods {Matter}: p-{Hacking} and {Publication} {Bias} in {Causal} {Analysis} in {Economics}},
	volume = {110},
	issn = {0002-8282},
	shorttitle = {Methods {Matter}},
	url = {https://pubs.aeaweb.org/doi/10.1257/aer.20190687},
	doi = {10.1257/aer.20190687},
	abstract = {The credibility revolution in economics has promoted causal identification using randomized control trials (RCT), difference-in-differences (DID), instrumental variables (IV) and regression discontinuity design (RDD). Applying multiple approaches to over 21,000 hypothesis tests published in 25 leading economics journals, we find that the extent of p-hacking and publication bias varies greatly by method. IV (and to a lesser extent DID) are particularly problematic. We find no evidence that (i) papers published in the Top 5 journals are different to others; (ii) the journal “revise and resubmit” process mitigates the problem; (iii) things are improving through time. (JEL A14, C12, C52)},
	language = {en},
	number = {11},
	urldate = {2024-04-25},
	journal = {American Economic Review},
	author = {Brodeur, Abel and Cook, Nikolai and Heyes, Anthony},
	month = nov,
	year = {2020},
	pages = {3634--3660},
	file = {Brodeur et al. - 2020 - Methods Matter p-Hacking and Publication Bias in .pdf:C\:\\Users\\Victor\\Zotero\\storage\\GE7XKHP5\\Brodeur et al. - 2020 - Methods Matter p-Hacking and Publication Bias in .pdf:application/pdf},
}

@article{abadie_econometric_2018,
	title = {Econometric {Methods} for {Program} {Evaluation}},
	volume = {10},
	issn = {1941-1383, 1941-1391},
	url = {https://www.annualreviews.org/doi/10.1146/annurev-economics-080217-053402},
	doi = {10.1146/annurev-economics-080217-053402},
	abstract = {Program evaluation methods are widely applied in economics to assess the effects of policy interventions and other treatments of interest. In this article, we describe the main methodological frameworks of the econometrics of program evaluation. In the process, we delineate some of the directions along which this literature is expanding, discuss recent developments, and highlight speciﬁc areas where new research may be particularly fruitful.},
	language = {en},
	number = {1},
	urldate = {2024-04-25},
	journal = {Annual Review of Economics},
	author = {Abadie, Alberto and Cattaneo, Matias D.},
	month = aug,
	year = {2018},
	pages = {465--503},
	file = {Abadie e Cattaneo - 2018 - Econometric Methods for Program Evaluation.pdf:C\:\\Users\\Victor\\Zotero\\storage\\HIGSKEU2\\Abadie e Cattaneo - 2018 - Econometric Methods for Program Evaluation.pdf:application/pdf},
}

@article{cattaneo_regression_nodate,
	title = {Regression {Discontinuity} {Designs}},
	abstract = {The regression discontinuity (RD) design is one of the most widely used nonexperimental methods for causal inference and program evaluation. Over the last two decades, statistical and econometric methods for RD analysis have expanded and matured, and there is now a large number of methodological results for RD identification, estimation, inference, and validation. We offer a curated review of this methodological literature organized around the two most popular frameworks for the analysis and interpretation of RD designs: the continuity framework and the local randomization framework. For each framework, we discuss three main topics: (a) designs and parameters, focusing on different types of RD settings and treatment effects of interest; (b) estimation and inference, presenting the most popular methods based on local polynomial regression and methods for the analysis of experiments, as well as refinements, extensions, and alternatives; and (c) validation and falsification, summarizing an array of mostly empirical approaches to support the validity of RD designs in practice.},
	language = {en},
	author = {Cattaneo, Matias D and Titiunik, Rocío},
	file = {Cattaneo e Titiunik - Regression Discontinuity Designs.pdf:C\:\\Users\\Victor\\Zotero\\storage\\JYHC87CR\\Cattaneo e Titiunik - Regression Discontinuity Designs.pdf:application/pdf},
}

@inproceedings{barbalho_politica_2015,
	title = {Política de fronteira e {Defesa} {Nacional}},
	url = {https://www.gov.br/defesa/pt-br/arquivos/ensino_e_pesquisa/defesa_academia/cadn/artigos/xii/politica_de_fronteira.pdf},
	urldate = {2024-07-18},
	publisher = {CBM},
	author = {Barbalho, Bruno Gonçalves de Souza and Ferreira, Cássio Roberto Rodrigues and Melo, Diego do Nascimento and Silva, Felipe Carrer Custódio da and Leite, Guilherme William Caixeta},
	year = {2015},
}

@book{fagundes_politicas_2019,
	series = {Coleção: comunicação e políticas públicas},
	title = {Políticas de segurança e defesa nas fronteiras internacionais do {Brasil}},
	isbn = {978-85-8288-211-5},
	language = {pt-BR},
	publisher = {Edufrr},
	author = {Fagundes, Flávia Carolina de Resende},
	month = aug,
	year = {2019},
	keywords = {Direito constitucional},
	file = {Fagundes - 2019 - Políticas de segurança e defesa nas fronteiras int.pdf:C\:\\Users\\Victor\\Zotero\\storage\\Q4NQQLMR\\Fagundes - 2019 - Políticas de segurança e defesa nas fronteiras int.pdf:application/pdf},
}

@book{noauthor_segurancpublica_2016,
	address = {Brasília},
	title = {Segurança pública nas fronteiras, sumário executivo : {Estratégia} {Nacional} de {Segurança} {Pública} nas {Fronteiras} ({ENAFRON})},
	isbn = {978-85-5506-051-9},
	shorttitle = {Segurança pública nas fronteiras, sumário executivo},
	language = {pt-BR},
	publisher = {Ministério da Justiça},
	month = jul,
	year = {2016},
	keywords = {Serviço social},
	file = {sumario-executivo_final (1).pdf:C\:\\Users\\Victor\\Zotero\\storage\\DJSWLI3T\\sumario-executivo_final (1).pdf:application/pdf;sumario-executivo_final (1).pdf:C\:\\Users\\Victor\\Zotero\\storage\\G73EJBKF\\sumario-executivo_final (1).pdf:application/pdf},
}

@article{manfrin_governo_2023,
	title = {Governo {Lula} falha em articular estratégia de monitoramento para segurança na fronteira},
	url = {https://www.gazetadopovo.com.br/parana/governo-lula-falha-estrategia-de-monitoramento-seguranca-fronteira-sisfron/},
	urldate = {2024-07-17},
	journal = {Gazeta do Povo},
	author = {Manfrin, Juliet},
	month = jul,
	year = {2023},
}

@article{imbens_regression_nodate,
	title = {Regression {Discontinuity} {Designs}: {A} {Guide} to {Practice}},
	abstract = {In Regression Discontinuity (RD) designs for evaluating causal effects of interventions, assignment to a treatment is determined at least partly by the value of an observed covariate lying on either side of a fixed threshold. These designs were first introduced in the evaluation literature by Thistlewaite and Campbell (1960). With the exception of a few unpublished theoretical papers, these methods did not attract much attention in the economics literature until recently. Starting in the late 1990s, there has been a large number of studies in economics applying and extending RD methods. In this paper we review some of the practical and theoretical issues involved in the implementation of RD methods.},
	language = {en},
	author = {Imbens, Guido and Lemieux, Thomas},
	file = {Imbens e Lemieux - Regression Discontinuity Designs A Guide to Pract.pdf:C\:\\Users\\Victor\\Zotero\\storage\\RDW9JR2D\\Imbens e Lemieux - Regression Discontinuity Designs A Guide to Pract.pdf:application/pdf},
}

@phdthesis{castro_influencia_2011,
	address = {Ribeirão Preto},
	type = {Mestrado em {Saúde} na {Comunidade}},
	title = {A influência da mortalidade por causas externas no desenvolvimento humano na faixa de fronteira brasileira},
	url = {http://www.teses.usp.br/teses/disponiveis/17/17139/tde-11022011-105227/},
	language = {pt},
	urldate = {2024-10-24},
	school = {Universidade de São Paulo},
	author = {Castro, José Marcelo De},
	month = jan,
	year = {2011},
	doi = {10.11606/D.17.2011.tde-11022011-105227},
	file = {Texto completo:C\:\\Users\\Victor\\Zotero\\storage\\LAM3I8RF\\Castro - 2011 - A influência da mortalidade por causas externas no desenvolvimento humano na faixa de fronteira bras.pdf:application/pdf},
}

@article{kruger_analysis_2017,
	title = {{ANALYSIS} {OF} {PUBLIC} {POLICIES} {FOR} {DEVELOPING} {THE} {BRAZILIAN} {BORDER} {STRIP}},
	volume = {20},
	issn = {1809-4422, 1414-753X},
	url = {http://www.scielo.br/scielo.php?script=sci_arttext&pid=S1414-753X2017000400039&lng=en&tlng=en},
	doi = {10.1590/1809-4422asoc0005r1v2042017},
	number = {4},
	urldate = {2024-10-28},
	journal = {Ambiente \& Sociedade},
	author = {Krüger, Caroline and Dantas, Marina Kolland and Castro, José Marcelo De and Passador, Cláudia Souza and Caldana, Adriana Cristina Ferreira},
	month = dec,
	year = {2017},
	pages = {39--60},
	file = {Versão submetida:C\:\\Users\\Victor\\Zotero\\storage\\VXVY8XB3\\Krüger et al. - 2017 - ANALYSIS OF PUBLIC POLICIES FOR DEVELOPING THE BRA.pdf:application/pdf},
}

@article{castro_influencia_2012,
	title = {A influência da mortalidade por causas externas no desenvolvimento humano na {Faixa} de {Fronteira} brasileira},
	volume = {28},
	issn = {0102-311X},
	url = {http://www.scielo.br/scielo.php?script=sci_arttext&pid=S0102-311X2012000100022&lng=pt&tlng=pt},
	doi = {10.1590/S0102-311X2012000100022},
	abstract = {Neste artigo estima-se a influência de óbitos por causas externas no desenvolvimento na Faixa de Fronteira Brasileira, mensurado pelo Índice de Desenvolvimento Humano (IDH), entre 2000 e 2005. Os dados obtidos em órgão oficiais do Brasil foram combinados por meio da metodologia definida pelo Programa das Nações Unidas para o Desenvolvimento, revelando a situação do IDH nas condições de fato. Subsequentemente, foram desconsiderados os óbitos por causas externas para estimar sua influência no índice, recalculando-se a expectativa de vida utilizando a técnica de causas competitivas. Observou-se que o IDH nas condições de fato apresenta um gradual aumento no sentido Norte-Sul, com as regiões mais desenvolvidas concentrando-se no Sul, o que se apresenta em concordância com outros estudos que utilizam outros conjuntos de indicadores socioeconômicos. Ao desconsiderar os óbitos por causas externas, os maiores ganhos foram apresentados nas regiões onde os IDH (nas condições de fato) eram menores e a magnitude dos ganhos reduziu-se em direção do Sul. 
          ,  
            This article estimates the impact of mortality from external causes on the human development index (HDI) along the Brazilian borderland from 2000 to 2005. Data obtained from Brazilian government agencies were combined using the methodology defined by the United Nations Development Program, revealing the HDI according to actual conditions. Subsequently, deaths from external causes were excluded in order to estimate their impact on the index, recalculating life expectancy using the technique of competing causes. HDI showed a gradual increase from North to South, with the most developed regions concentrated in the South, consistent with studies using other sets of economic indicators. By excluding mortality from external causes, the highest gains appeared in regions where the HDI (under actual conditions) were lower, and the magnitude of gains declined towards the South.},
	number = {1},
	urldate = {2024-10-03},
	journal = {Cadernos de Saúde Pública},
	author = {Castro, José Marcelo De and Rodrigues-Júnior, Antonio Luiz},
	month = jan,
	year = {2012},
	pages = {195--200},
}


@article{cattaneo_regression_2022,
	title = {Regression {Discontinuity} {Designs}},
	volume = {14},
	issn = {1941-1383, 1941-1391},
	url = {https://www.annualreviews.org/doi/10.1146/annurev-economics-051520-021409},
	doi = {10.1146/annurev-economics-051520-021409},
	abstract = {The regression discontinuity (RD) design is one of the most widely used nonexperimental methods for causal inference and program evaluation. Over the last two decades, statistical and econometric methods for RD analysis have expanded and matured, and there is now a large number of methodological results for RD identification, estimation, inference, and validation. We offer a curated review of this methodological literature organized around the two most popular frameworks for the analysis and interpretation of RD designs: the continuity framework and the local randomization framework. For each framework, we discuss three main topics: ( a) designs and parameters, focusing on different types of RD settings and treatment effects of interest; ( b) estimation and inference, presenting the most popular methods based on local polynomial regression and methods for the analysis of experiments, as well as refinements, extensions, and alternatives; and ( c) validation and falsification, summarizing an array of mostly empirical approaches to support the validity of RD designs in practice.},
	language = {en},
	number = {1},
	urldate = {2024-10-14},
	journal = {Annual Review of Economics},
	author = {Cattaneo, Matias D. and Titiunik, Rocío},
	month = aug,
	year = {2022},
	pages = {821--851},
	file = {Texto completo:C\:\\Users\\Victor\\Zotero\\storage\\XEDV94ME\\Cattaneo e Titiunik - 2022 - Regression Discontinuity Designs.pdf:application/pdf},
}

@article{imbens_regression_2007,
	title = {Regression {Discontinuity} {Designs}: {A} {Guide} to {Practice}},
	abstract = {In Regression Discontinuity (RD) designs for evaluating causal effects of interventions, assignment to a treatment is determined at least partly by the value of an observed covariate lying on either side of a fixed threshold. These designs were first introduced in the evaluation literature by Thistlewaite and Campbell (1960). With the exception of a few unpublished theoretical papers, these methods did not attract much attention in the economics literature until recently. Starting in the late 1990s, there has been a large number of studies in economics applying and extending RD methods. In this paper we review some of the practical and theoretical issues involved in the implementation of RD methods.},
	language = {en},
	journal = {NBER Working Paper},
	number = {13039},
	author = {Imbens, Guido and Lemieux, Thomas},
	year = {2007},
	pages = {37},
	file = {Imbens e Lemieux - Regression Discontinuity Designs A Guide to Pract.pdf:C\:\\Users\\Victor\\Zotero\\storage\\RDW9JR2D\\Imbens e Lemieux - Regression Discontinuity Designs A Guide to Pract.pdf:application/pdf},
}

@book{huntington-klein_effect_2022,
	address = {Boca Raton London New York},
	edition = {1},
	series = {A {Chapman} \& {Hall} book},
	title = {The effect: an introduction to research design and causality},
	isbn = {978-1-00-322605-5 978-1-03-212745-3 978-1-03-212578-7},
	shorttitle = {The effect},
	url = {https://theeffectbook.net/ch-RegressionDiscontinuity.html},
	abstract = {"The Effect: An Introduction to Research Design and Causality is about research design, specifically concerning research that uses observational data to make a causal inference. It is separated into two halves, each with different approaches to that subject. The first half goes through the concepts of causality, with very little in the way of estimation. It introduces the concept of identification thoroughly and clearly and discusses it as a process of trying to isolate variation that has a causal interpretation. Subjects include heavy emphasis on data-generating processes and causal diagrams. Concepts are demonstrated with a heavy emphasis on graphical intuition and the question of what we do to data. When we "add a control variable" what does that actually do?"},
	language = {eng},
	urldate = {2024-10-16},
	publisher = {CRC Press, Taylor \& Francis Group},
	author = {Huntington-Klein, Nick},
	year = {2022},
	annote = {Literaturverzeichnis: Seite 601-615 Mit Register},
	file = {Table of Contents PDF:C\:\\Users\\Victor\\Zotero\\storage\\8XK7MMK9\\Huntington-Klein - 2022 - The effect an introduction to research design and.pdf:application/pdf},
}
@article{calonico2019,
	title = {Regression Discontinuity Designs Using Covariates},
	author = {Calonico, Sebastian and Cattaneo, Matias D. and Farrell, Max H. and Titiunik, {Rocío}},
	year = {2019},
	month = {07},
	date = {2019-07},
	journal = {The Review of Economics and Statistics},
	pages = {442--451},
	volume = {101},
	number = {3},
	doi = {10.1162/rest_a_00760},
	url = {https://direct.mit.edu/rest/article/101/3/442-451/58514},
	langid = {en}
}
